<record><leader>00000cas a2200000 a 4500</leader><controlfield tag="001">38004233</controlfield><controlfield tag="008">971125d19031954cauwr ne      0    0eng c</controlfield><datafield ind1=" " ind2=" " tag="010"><subfield code="a">sn 97069650 </subfield></datafield><datafield ind1=" " ind2=" " tag="040"><subfield code="a">CNK</subfield><subfield code="b">eng</subfield><subfield code="c">CNK</subfield><subfield code="d">OCLCQ</subfield><subfield code="d">OCLCF</subfield><subfield code="d">OCLCO</subfield></datafield><datafield ind1="1" ind2=" " tag="029"><subfield code="a">AU@</subfield><subfield code="b">000013651844</subfield></datafield><datafield ind1=" " ind2=" " tag="042"><subfield code="a">pcc</subfield></datafield><datafield ind1=" " ind2=" " tag="043"><subfield code="a">n-us-ca</subfield></datafield><datafield ind1="0" ind2="4" tag="245"><subfield code="a">The National City news.</subfield></datafield><datafield ind1=" " ind2=" " tag="260"><subfield code="a">National City, San Diego Co., Calif. :</subfield><subfield code="b">Cooke &amp; Christiance</subfield></datafield><datafield ind1=" " ind2=" " tag="300"><subfield code="a">v.</subfield></datafield><datafield ind1=" " ind2=" " tag="310"><subfield code="a">Weekly</subfield></datafield><datafield ind1="0" ind2=" " tag="362"><subfield code="a">-v. 71, no. 47 (July 30, 1954).</subfield></datafield><datafield ind1=" " ind2=" " tag="580"><subfield code="a">Merged with the Chula Vista Star to form: Chula Vista Star-News, and: National City Star-News.</subfield></datafield><datafield ind1=" " ind2=" " tag="588"><subfield code="a">Description based on: Vol. 1, no. 2 (July 30, 1903).</subfield></datafield><datafield ind1=" " ind2="0" tag="651"><subfield code="a">National City (Calif.)</subfield><subfield code="v">Newspapers.</subfield></datafield><datafield ind1=" " ind2="7" tag="655"><subfield code="a">Newspapers.</subfield><subfield code="2">fast</subfield><subfield code="0">(OCoLC)fst01423814</subfield></datafield><datafield ind1=" " ind2="7" tag="651"><subfield code="a">California</subfield><subfield code="z">National City.</subfield><subfield code="2">fast</subfield><subfield code="0">(OCoLC)fst01219031</subfield></datafield><datafield ind1=" " ind2=" " tag="752"><subfield code="a">United States</subfield><subfield code="b">California</subfield><subfield code="c">San Diego</subfield><subfield code="d">National City.</subfield></datafield><datafield ind1="1" ind2="7" tag="785"><subfield code="t">Chula Vista star</subfield><subfield code="w">(DLC)sn 00060651</subfield></datafield><datafield ind1="1" ind2="7" tag="785"><subfield code="t">National City star-news</subfield><subfield code="w">(DLC)sn2001060333</subfield></datafield><datafield ind1="1" ind2="7" tag="785"><subfield code="t">Chula Vista star-news</subfield><subfield code="w">(DLC)sn 94052855</subfield></datafield></record>